<?xml version="1.0" encoding="UTF-8" ?>
<collection xmlns:xsi="http://www.w3.org/2001/XMLSchema-instance"
    xsi:schemaLocation="http://www.loc.gov/MARC21/slim
        http://www.loc.gov/standards/marcxml/schema/MARC21slim.xsd"
    xmlns="http://www.loc.gov/MARC21/slim">
<record>
  <leader>00222cam a2200409 i 4500</leader>
  <controlfield tag="001">b12408384</controlfield>
  <controlfield tag="003">LeBAU</controlfield>
  <controlfield tag="005">20190318</controlfield>
  <controlfield tag="008">970402s1922    le af         ||0 0 ara d</controlfield>
  <datafield tag="035" ind1=" " ind2=" ">
    <subfield code="a">ocn784302045</subfield>
  </datafield>
  <datafield tag="040" ind1=" " ind2=" ">
    <subfield code="a">LEAUB</subfield>
    <subfield code="b">ara</subfield>
    <subfield code="e">rda</subfield>
    <subfield code="c">LEAUB</subfield>
    <subfield code="d">LEAUB</subfield>
  </datafield>
  <datafield tag="082" ind1="0" ind2="4">
    <subfield code="a">327</subfield>
    <subfield code="2">22</subfield>
  </datafield>
  <datafield tag="100" ind1="1" ind2=" ">
    <subfield code="6">880-01</subfield>
    <subfield code="a">Mashnūq, ʻAbd Allāh,</subfield>
    <subfield code="e">author.</subfield>
  </datafield>
  <datafield tag="245" ind1="1" ind2="0">
    <subfield code="6">880-02</subfield>
    <subfield code="a">al-Imtiyāzāt al-ajnabīyah :</subfield>
    <subfield code="b">wa-hiya risālah tabḥathu fī aṣl hādhihi al-imtiyāzāt wa-muḥtawayātihā wa-al-asbāb allatī daʻat ilá manḥihā maʻa nabdhah ʻan tārīkhihā wa-taṭawwurihā mundhu nashʼatihā ilá al-waqt al-ḥāḍir /</subfield>
    <subfield code="c">bi-qalam ʻAbd Allāh Mashnūq.</subfield>
  </datafield>
  <datafield tag="264" ind1=" " ind2="1">
    <subfield code="6">880-03</subfield>
    <subfield code="a">Bayrūt :</subfield>
    <subfield code="b">al-Maṭbaʻah al-Adabīyah,</subfield>
    <subfield code="c">1922.</subfield>
  </datafield>
  <datafield tag="300" ind1=" " ind2=" ">
    <subfield code="6">880-04</subfield>
    <subfield code="a">26 pages, 1 unnumbered leaf of plates :</subfield>
    <subfield code="b">illustrations ;</subfield>
    <subfield code="c">24 cm</subfield>
  </datafield>
  <datafield tag="336" ind1=" " ind2=" ">
    <subfield code="a">text</subfield>
    <subfield code="b">txt</subfield>
    <subfield code="2">rdacontent</subfield>
  </datafield>
  <datafield tag="336" ind1=" " ind2=" ">
    <subfield code="a">still image</subfield>
    <subfield code="b">sti</subfield>
    <subfield code="2">rdacontent</subfield>
  </datafield>
  <datafield tag="337" ind1=" " ind2=" ">
    <subfield code="a">unmediated</subfield>
    <subfield code="b">n</subfield>
    <subfield code="2">rdamedia</subfield>
  </datafield>
  <datafield tag="338" ind1=" " ind2=" ">
    <subfield code="a">volume</subfield>
    <subfield code="b">nc</subfield>
    <subfield code="2">rdacarrier</subfield>
  </datafield>
  <datafield tag="500" ind1=" " ind2=" ">
    <subfield code="a">"نشرت تباعا في مجلة الكلية التي تصدرها الجامعة الأميركانية في بيروت."</subfield>
  </datafield>
  <datafield tag="500" ind1=" " ind2=" ">
    <subfield code="a">منشورات أساتذة الجامعة الاميركية في بيروت.</subfield>
  </datafield>
  <datafield tag="504" ind1=" " ind2=" ">
    <subfield code="a">يتضمن مراجع ببليوغرافية.</subfield>
  </datafield>
  <datafield tag="650" ind1=" " ind2="4">
    <subfield code="a">الإمتيازات والحصانات الدبلوماسية.</subfield>
  </datafield>
  <datafield tag="650" ind1=" " ind2="0">
    <subfield code="a">Diplomatic privileges and immunities.</subfield>
  </datafield>
  <datafield tag="777" ind1="0" ind2=" ">
    <subfield code="6">880-05</subfield>
    <subfield code="i">has whole-part manifestation relationship with</subfield>
    <subfield code="4">http://rdaregistry.info/Elements/m/P30213 :</subfield>
    <subfield code="a">American University of Beirut. Alumni Association.</subfield>
    <subfield code="t">Al-Kulliyah magazine.</subfield>
    <subfield code="d">Beirut : American University of Beirut, 1910-1996</subfield>
    <subfield code="w">b13498150</subfield>
  </datafield>
  <datafield tag="852" ind1=" " ind2=" ">
    <subfield code="a">Jafet Library</subfield>
    <subfield code="e">American University of Beirut, Bliss Street , Beirut, Lebanon.</subfield>
  </datafield>
  <datafield tag="880" ind1="1" ind2=" ">
    <subfield code="6">100-01/(3/r</subfield>
    <subfield code="a">المشنوق، عبد الله،</subfield>
    <subfield code="e">مؤلف. </subfield>
    <subfield code="4">aut.</subfield>
  </datafield>
  <datafield tag="880" ind1="1" ind2="3">
    <subfield code="6">245-02/(3/r</subfield>
    <subfield code="a">الإمتيازات الأجنبية :</subfield>
    <subfield code="b">وهي رسالة تبحث في أصل هذه الإمتيازات ومحتوياتها والأسباب التي دعت إلى منحها مع نبذة عن تاريخها وتطورها منذ نشأتها إلى الوقت الحاضر /</subfield>
    <subfield code="c">بقلم عبد الله مشنوق.</subfield>
  </datafield>
  <datafield tag="880" ind1=" " ind2="1">
    <subfield code="6">264-03/(3/r</subfield>
    <subfield code="a">بيروت :</subfield>
    <subfield code="b">المطبعة الأدبية،</subfield>
    <subfield code="c">1922.</subfield>
  </datafield>
  <datafield tag="880" ind1=" " ind2=" ">
    <subfield code="6">300-04/(3/r</subfield>
    <subfield code="a">26 صفحة،1 ورقة لوحات غير مرقمة :</subfield>
    <subfield code="b">مصورات ؛</subfield>
    <subfield code="c">24 سم</subfield>
  </datafield>
  <datafield tag="880" ind1="0" ind2=" ">
    <subfield code="6">777-05/(3/r</subfield>
    <subfield code="i">علاقة جزء-كل مع تجسيدة</subfield>
    <subfield code="4">http://rdaregistry.info/Elements/m/P30213 :</subfield>
    <subfield code="a">American University of Beirut. Alumni Association.</subfield>
    <subfield code="t">Al-Kulliyah magazine.</subfield>
    <subfield code="d">Beirut : American University of Beirut, 1910-1996</subfield>
    <subfield code="w">b13498150</subfield>
  </datafield>
  <datafield tag="907" ind1=" " ind2=" ">
    <subfield code="a">.b12408384</subfield>
    <subfield code="b">19-03-27</subfield>
    <subfield code="c">11-05-24</subfield>
  </datafield>
  <datafield tag="907" ind1=" " ind2=" ">
    <subfield code="a">.b12408384</subfield>
    <subfield code="b">15-10-15</subfield>
    <subfield code="c">11-05-24</subfield>
  </datafield>
  <datafield tag="945" ind1=" " ind2=" ">
    <subfield code="f">J</subfield>
    <subfield code="a">327:M39iA:c.1</subfield>
    <subfield code="i">01014444</subfield>
    <subfield code="j">.i12871886</subfield>
    <subfield code="l">u0503</subfield>
  </datafield>
  <datafield tag="945" ind1=" " ind2=" ">
    <subfield code="f">J</subfield>
    <subfield code="a">327:M39iA:c.2</subfield>
    <subfield code="i">01014445</subfield>
    <subfield code="j">.i12871898</subfield>
    <subfield code="l">u0503</subfield>
  </datafield>
  <datafield tag="998" ind1=" " ind2=" ">
    <subfield code="a">u05</subfield>
    <subfield code="b">97-04-02</subfield>
    <subfield code="c">m</subfield>
    <subfield code="d">a  </subfield>
    <subfield code="e">-</subfield>
    <subfield code="f">ara</subfield>
    <subfield code="g">le </subfield>
    <subfield code="h">0</subfield>
    <subfield code="i">2</subfield>
  </datafield>
</record>
</collection>
